@misc{1711.07410,
Author = {Qiyang Hu and Attila Szabó and Tiziano Portenier and Matthias Zwicker and Paolo Favaro},
Title = {Disentangling Factors of Variation by Mixing Them},
Year = {2017},
Eprint = {arXiv:1711.07410},
}

@misc{1711.02245,
Author = {Attila Szabó and Qiyang Hu and Tiziano Portenier and Matthias Zwicker and Paolo Favaro},
Title = {Challenges in Disentangling Independent Factors of Variation},
Year = {2017},
Eprint = {arXiv:1711.02245},
}