@misc{1711.07410,
Author = {Qiyang Hu and Attila Szabó and Tiziano Portenier and Matthias Zwicker and Paolo Favaro},
Title = {Disentangling Factors of Variation by Mixing Them},
Year = {2017},
Eprint = {arXiv:1711.07410},
}

@misc{1711.02245,
Author = {Attila Szabó and Qiyang Hu and Tiziano Portenier and Matthias Zwicker and Paolo Favaro},
Title = {Challenges in Disentangling Independent Factors of Variation},
Year = {2017},
Eprint = {arXiv:1711.02245},
}

@misc{1206.5538,
Author = {Yoshua Bengio and Aaron Courville and Pascal Vincent},
Title = {Representation Learning: A Review and New Perspectives},
Year = {2012},
Eprint = {arXiv:1206.5538},
}

@misc{1511.06434,
Author = {Alec Radford and Luke Metz and Soumith Chintala},
Title = {Unsupervised Representation Learning with Deep Convolutional Generative Adversarial Networks},
Year = {2015},
Eprint = {arXiv:1511.06434},
}

@misc{1701.00160,
Author = {Ian Goodfellow},
Title = {NIPS 2016 Tutorial: Generative Adversarial Networks},
Year = {2016},
Eprint = {arXiv:1701.00160},
}

@misc{1606.03657,
Author = {Xi Chen and Yan Duan and Rein Houthooft and John Schulman and Ilya Sutskever and Pieter Abbeel},
Title = {InfoGAN: Interpretable Representation Learning by Information Maximizing Generative Adversarial Nets},
Year = {2016},
Eprint = {arXiv:1606.03657},
}

@misc{1412.6583,
Author = {Brian Cheung and Jesse A. Livezey and Arjun K. Bansal and Bruno A. Olshausen},
Title = {Discovering Hidden Factors of Variation in Deep Networks},
Year = {2014},
Eprint = {arXiv:1412.6583},
}

@misc{1405.0312,
Author = {Tsung-Yi Lin and Michael Maire and Serge Belongie and Lubomir Bourdev and Ross Girshick and James Hays and Pietro Perona and Deva Ramanan and C. Lawrence Zitnick and Piotr Dollár},
Title = {Microsoft COCO: Common Objects in Context},
Year = {2014},
Eprint = {arXiv:1405.0312},
}

@misc{1802.05957,
Author = {Takeru Miyato and Toshiki Kataoka and Masanori Koyama and Yuichi Yoshida},
Title = {Spectral Normalization for Generative Adversarial Networks},
Year = {2018},
Eprint = {arXiv:1802.05957},
}

@misc{1605.08695,
Author = {Martín Abadi and Paul Barham and Jianmin Chen and Zhifeng Chen and Andy Davis and Jeffrey Dean and Matthieu Devin and Sanjay Ghemawat and Geoffrey Irving and Michael Isard and Manjunath Kudlur and Josh Levenberg and Rajat Monga and Sherry Moore and Derek G. Murray and Benoit Steiner and Paul Tucker and Vijay Vasudevan and Pete Warden and Martin Wicke and Yuan Yu and Xiaoqiang Zheng},
Title = {TensorFlow: A system for large-scale machine learning},
Year = {2016},
Eprint = {arXiv:1605.08695},
}

@misc{1611.03383,
Author = {Michael Mathieu and Junbo Zhao and Pablo Sprechmann and Aditya Ramesh and Yann LeCun},
Title = {Disentangling factors of variation in deep representations using adversarial training},
Year = {2016},
Eprint = {arXiv:1611.03383},
}

@misc{1805.08318,
Author = {Han Zhang and Ian Goodfellow and Dimitris Metaxas and Augustus Odena},
Title = {Self-Attention Generative Adversarial Networks},
Year = {2018},
Eprint = {arXiv:1805.08318},
}

@misc{1807.05520,
Author = {Mathilde Caron and Piotr Bojanowski and Armand Joulin and Matthijs Douze},
Title = {Deep Clustering for Unsupervised Learning of Visual Features},
Year = {2018},
Eprint = {arXiv:1807.05520},
}